@article{gem5-sim,
  author    = {Nathan L. Binkert and
               Bradford M. Beckmann and
               Gabriel Black and
               Steven K. Reinhardt and
               Ali G. Saidi and
               Arkaprava Basu and
               Joel Hestness and
               Derek Hower and
               Tushar Krishna and
               Somayeh Sardashti and
               Rathijit Sen and
               Korey Sewell and
               Muhammad Shoaib and
               Nilay Vaish and
               Mark D. Hill and
               David A. Wood},
  title     = {The gem5 simulator},
  journal   = {{SIGARCH} Computer Architecture News},
  volume    = {39},
  number    = {2},
  pages     = {1--7},
  year      = {2011},
  url       = {http://doi.acm.org/10.1145/2024716.2024718},
  doi       = {10.1145/2024716.2024718},
  timestamp = {Wed, 07 Sep 2011 14:52:23 +0200},
  biburl    = {http://dblp.uni-trier.de/rec/bib/journals/sigarch/BinkertBBRSBHHKSSSSVHW11},
  bibsource = {dblp computer science bibliography, http://dblp.org}
}

@article{CERE,
  author    = {Pablo de Oliveira Castro and
               Chadi Akel and
               Eric Petit and
               Mihail Popov and
               William Jalby},
  title     = {{CERE:} LLVM-Based Codelet Extractor and REplayer for Piecewise Benchmarking
               and Optimization},
  journal   = {{TACO}},
  volume    = {12},
  number    = {1},
  pages     = {6},
  year      = {2015},
  url       = {http://doi.acm.org/10.1145/2724717},
  doi       = {10.1145/2724717},
  timestamp = {Mon, 18 May 2015 10:13:10 +0200},
  biburl    = {http://dblp.uni-trier.de/rec/bib/journals/taco/CastroAPPJ15},
  bibsource = {dblp computer science bibliography, http://dblp.org}
}

@inproceedings{DBLP:conf/samos/EndoCC14,
  author    = {Fernando A. Endo and
               Damien Courouss{\'{e}} and
               Henri{-}Pierre Charles},
  title     = {Micro-architectural simulation of in-order and out-of-order {ARM} microprocessors with gem5},
  booktitle = {XIVth International Conference on Embedded Computer Systems: Architectures,
               Modeling, and Simulation, {SAMOS} 2014, Agios Konstantinos, Samos,
               Greece, July 14-17, 2014},
  pages     = {266--273},
  year      = {2014},
  crossref  = {DBLP:conf/samos/2014ic},
  url       = {http://dx.doi.org/10.1109/SAMOS.2014.6893220},
  doi       = {10.1109/SAMOS.2014.6893220},
  timestamp = {Tue, 16 Sep 2014 12:54:33 +0200},
  biburl    = {http://dblp.uni-trier.de/rec/bib/conf/samos/EndoCC14},
  bibsource = {dblp computer science bibliography, http://dblp.org}
}

@proceedings{DBLP:conf/samos/2014ic,
  title     = {XIVth International Conference on Embedded Computer Systems: Architectures,
               Modeling, and Simulation, {SAMOS} 2014, Agios Konstantinos, Samos,
               Greece, July 14-17, 2014},
  publisher = {{IEEE}},
  year      = {2014},
  url       = {http://ieeexplore.ieee.org/xpl/mostRecentIssue.jsp?punumber=6879760},
  timestamp = {Tue, 16 Sep 2014 12:54:33 +0200},
  biburl    = {http://dblp.uni-trier.de/rec/bib/conf/samos/2014ic},
  bibsource = {dblp computer science bibliography, http://dblp.org}
}

@phdthesis{PARSEC,
  author = {Christian Bienia},
  title = {Benchmarking Modern Multiprocessors},
  school = {Princeton University},
  year      = {2011},
  month     = {January}
}

@article{NAS,
  author    = {David H. Bailey and
               Eric Barszcz and
               John T. Barton and
               D. S. Browning and
               Robert L. Carter and
               Leonardo Dagum and
               Rod A. Fatoohi and
               Paul O. Frederickson and
               T. A. Lasinski and
               Robert Schreiber and
               Horst D. Simon and
               V. Venkatakrishnan and
               Sisira Weeratunga},
  title     = {The Nas Parallel Benchmarks},
  journal   = {{IJHPCA}},
  volume    = {5},
  number    = {3},
  pages     = {63--73},
  year      = {1991},
  url       = {http://dx.doi.org/10.1177/109434209100500306},
  doi       = {10.1177/109434209100500306},
  timestamp = {Fri, 07 Nov 2014 14:53:00 +0100},
  biburl    = {http://dblp.uni-trier.de/rec/bib/journals/ijhpca/BaileyBBBCDFFLSSVW91},
  bibsource = {dblp computer science bibliography, http://dblp.org}
}

@inproceedings{McPAT,
  author    = {Sheng Li and
               Jung Ho Ahn and
               Richard D. Strong and
               Jay B. Brockman and
               Dean M. Tullsen and
               Norman P. Jouppi},
  title     = {McPAT: an integrated power, area, and timing modeling framework for
               multicore and manycore architectures},
  booktitle = {42st Annual {IEEE/ACM} International Symposium on Microarchitecture
               {(MICRO-42} 2009), December 12-16, 2009, New York, New York, {USA}},
  pages     = {469--480},
  year      = {2009},
  crossref  = {DBLP:conf/micro/2009},
  url       = {http://doi.acm.org/10.1145/1669112.1669172},
  doi       = {10.1145/1669112.1669172},
  timestamp = {Thu, 18 Sep 2014 16:58:22 +0200},
  biburl    = {http://dblp.uni-trier.de/rec/bib/conf/micro/LiASBTJ09},
  bibsource = {dblp computer science bibliography, http://dblp.org}
}

@proceedings{DBLP:conf/micro/2009,
  editor    = {David H. Albonesi and
               Margaret Martonosi and
               David I. August and
               Jos{\'{e}} F. Mart{\'{\i}}nez},
  title     = {42st Annual {IEEE/ACM} International Symposium on Microarchitecture
               {(MICRO-42} 2009), December 12-16, 2009, New York, New York, {USA}},
  publisher = {{ACM}},
  year      = {2009},
  url       = {http://dl.acm.org/citation.cfm?id=1669112},
  isbn      = {978-1-60558-798-1},
  timestamp = {Thu, 18 Sep 2014 16:58:21 +0200},
  biburl    = {http://dblp.uni-trier.de/rec/bib/conf/micro/2009},
  bibsource = {dblp computer science bibliography, http://dblp.org}
}

@inproceedings{code-isolation,
  author    = {Chadi Akel and
               Yuriy Kashnikov and
               Pablo de Oliveira Castro and
               William Jalby},
  title     = {Is Source-Code Isolation Viable for Performance Characterization?},
  booktitle = {42nd International Conference on Parallel Processing, {ICPP} 2013,
               Lyon, France, October 1-4, 2013},
  pages     = {977--984},
  year      = {2013},
  crossref  = {DBLP:conf/icpp/2013},
  url       = {http://dx.doi.org/10.1109/ICPP.2013.116},
  doi       = {10.1109/ICPP.2013.116},
  timestamp = {Tue, 02 Dec 2014 17:13:28 +0100},
  biburl    = {http://dblp.uni-trier.de/rec/bib/conf/icpp/AkelKCJ13},
  bibsource = {dblp computer science bibliography, http://dblp.org}
}

@article{select-bench,
  author    = {Maximilien Breughe and
               Lieven Eeckhout},
  title     = {Selecting representative benchmark inputs for exploring microprocessor
               design spaces},
  journal   = {{TACO}},
  volume    = {10},
  number    = {4},
  pages     = {37},
  year      = {2013},
  url       = {http://doi.acm.org/10.1145/2541228.2555294},
  doi       = {10.1145/2541228.2555294},
  timestamp = {Mon, 23 Feb 2015 19:46:51 +0100},
  biburl    = {http://dblp.uni-trier.de/rec/bib/journals/taco/BreugheE13},
  bibsource = {dblp computer science bibliography, http://dblp.org}
}

@proceedings{DBLP:conf/icpp/2013,
  title     = {42nd International Conference on Parallel Processing, {ICPP} 2013,
               Lyon, France, October 1-4, 2013},
  publisher = {{IEEE} Computer Society},
  year      = {2013},
  url       = {http://ieeexplore.ieee.org/xpl/mostRecentIssue.jsp?punumber=6687305},
  isbn      = {978-0-7695-5117-3},
  timestamp = {Tue, 02 Dec 2014 17:13:28 +0100},
  biburl    = {http://dblp.uni-trier.de/rec/bib/conf/icpp/2013},
  bibsource = {dblp computer science bibliography, http://dblp.org}
}

@online{aarch64-mmu,
  author = {ARM ltd},
  title = {ARM Information Center},
  year = 2015,
  url = {http://infocenter.arm.com/help/index.jsp?topic=/com.arm.doc.den0024a/BABBEFAE.html},
  urldate = {2016-07-23}
}

@inproceedings{DBLP:conf/recosoc/ButkoGOS12,
  author    = {Anastasiia Butko and
               Rafael Garibotti and
               Luciano Ost and
               Gilles Sassatelli},
  title     = {Accuracy evaluation of {GEM5} simulator system},
  booktitle = {7th International Workshop on Reconfigurable and Communication-Centric
               Systems-on-Chip (ReCoSoC), York, United Kingdom, July 9-11, 2012},
  pages     = {1--7},
  year      = {2012},
  crossref  = {DBLP:conf/recosoc/2012},
  url       = {http://dx.doi.org/10.1109/ReCoSoC.2012.6322869},
  doi       = {10.1109/ReCoSoC.2012.6322869},
  timestamp = {Tue, 23 Oct 2012 15:05:38 +0200},
  biburl    = {http://dblp.uni-trier.de/rec/bib/conf/recosoc/ButkoGOS12},
  bibsource = {dblp computer science bibliography, http://dblp.org}
}

@proceedings{DBLP:conf/recosoc/2012,
  editor    = {Leandro Soares Indrusiak and
               Guy Gogniat and
               Nikolaos S. Voros},
  title     = {7th International Workshop on Reconfigurable and Communication-Centric
               Systems-on-Chip (ReCoSoC), York, United Kingdom, July 9-11, 2012},
  publisher = {{IEEE}},
  year      = {2012},
  url       = {http://ieeexplore.ieee.org/xpl/mostRecentIssue.jsp?punumber=6313484},
  isbn      = {978-1-4673-2570-7},
  timestamp = {Tue, 23 Oct 2012 15:05:13 +0200},
  biburl    = {http://dblp.uni-trier.de/rec/bib/conf/recosoc/2012},
  bibsource = {dblp computer science bibliography, http://dblp.org}
}